@book{vanHeerden1998,
  title={Southern Africa's weather patterns: An introductory guide},
  author={Van Heerden, Johan and Hurry, Lynn},
  year={1998},
  publisher={Collegium}
}

@incollection{minchin1987evaluation,
  title={An evaluation of the relative robustness of techniques for ecological ordination},
  author={Minchin, Peter R},
  booktitle={Theory and models in vegetation science},
  pages={89--107},
  year={1987},
  publisher={Springer}
}

@article{kohonen1998self,
  title={The self-organizing map},
  author={Kohonen, Teuvo},
  journal={Neurocomputing},
  volume={21},
  number={1},
  pages={1--6},
  year={1998},
  publisher={Elsevier}
}

@book{tyson2000weather,
  title={weather and climate of southern Africa},
  author={Tyson, Peter Daughtrey and Preston-Whyte, Robert A},
  year={2000},
  publisher={Oxford University Press}
}

@Manual{,
  title = {{RmarineHeatWaves}: {P}ackage for the calculation of marine heat waves},
  author = {{Albertus J. Smit} and {Eric C. J. Oliver} and {Robert W. Schlegel}},
  organization = {University of the Western Cape},
  address = {Belville, Cape Town, South Africa},
  note = {R package version 0.15.7},
  year = {2017},
  url = {https://github.com/ajsmit/RmarineHeatWaves},
}
